@book{bernstein1965careful,
  title={The Careful Writer: A Modern Guide to English Usage},
  author={Bernstein, Theodore M.},
  year={1965},
  publisher={Atheneum},
  address={New York}
}

@book{chicago1993manual,
  title     = {The Chicago Manual of Style},
  edition   = {fourteenth},
  publisher = {University of Chicago Press},
  year      = {1993},
}

@book{goossens1994companion,
  author    = {Michel Goossens and Frank Mittelbach and Alexander Samarin},
  title     = {The \LaTeX{} Companion},
  publisher = {Addison-Wesley},
  address   = {Reading, Massachusetts},
  year      = {1994},
}

@book{knuth1994book,
  author    = {Donald E. Knuth},
  title     = {The \TeX{} book},
  publisher = {Addison-Wesley},
  address   = {Reading, Massachusetts},
  year      = {1994},
}

@book{steenrod1983write,
  author    = {N. E. Steenrod and P. R. Halmos and M. M. Schiffer and J. A. Dieudonn√©},
  title     = {How to Write Mathematics},
  publisher = {American Mathematical Society},
  address   = {London},
  year      = {1983},
}

@book{strunk1979elements,
  author    = {William Strunk, Jr. and E. B. White},
  title     = {The Elements of Style},
  edition   = {third},
  publisher = {Macmillan},
  address   = {New York},
  year      = {1979},
}

@book{van1992handbook,
  author    = {Mary-Claire van Leunen},
  title     = {A Handbook for Scholars},
  edition   = {revised},
  publisher = {Oxford University Press},
  address   = {New York, Oxford},
  year      = {1992},
}

@book{words1974type,
  title     = {Words Into Type},
  edition   = {third},
  publisher = {Prentice-Hall},
  address   = {Englewood Cliffs, New Jersey},
  year      = {1974},
}